@article{sweeney2002k,
    title={k-anonymity: A model for protecting privacy},
    author={Sweeney, Latanya},
    journal={International journal of uncertainty, fuzziness and knowledge-based systems},
    volume={10},
    number={05},
    pages={557--570},
    year={2002},
    publisher={World Scientific}
}

@misc{arx, url={https://arx.deidentifier.org/}, journal={ARX}}
