@Inbook{laplance,
    title = "Laplace Distribution",
    bookTitle = "The Concise Encyclopedia of Statistics",
    year = "2008",
    publisher = "Springer New York",
    address = "New York, NY",
    pages = "294--295",
    isbn = "978-0-387-32833-1",
    doi = "10.1007/978-0-387-32833-1_219",
    url = "https://doi.org/10.1007/978-0-387-32833-1_219"
}

@misc{properties,
    title = {Programming Differential Privacy},
    url = {https://programming-dp.com/ch4.html#post-processing},
    journal = {Properties of Differential Privacy - Programming Differential Privacy} }

@misc{the_exponential,
    title = {Programming Differential Privacy},
    url = {https://programming-dp.com/ch9
.html#equation-274ce7f7-b2d6-46cc-85e4-34d24cc412b4},
    journal = {The Exponential Mechanism - Programming Differential Privacy} }

@INPROCEEDINGS{10007322,
    author = {Aitsam, Muhammad},
    booktitle = {2022 International Conference on Emerging Trends in Electrical, Control, and Telecommunication Engineering (ETECTE)},
    title = {Differential Privacy Made Easy},
    year = {2022},
    volume = {},
    number = {},
    pages = {1-7},
    doi = {10.1109/ETECTE55893.2022.10007322} }


@online{norm_Z,
    title = {The normalization constant $Z$},
    url = {https://www.wolframalpha.com/input?i=%5Cexp%5Cleft%28%5Cfrac%7B4.605%2825+-+67%29%7D%7B2%7D%5Cright%29+%2B+%5Cexp%5Cleft%28%5Cfrac%7B4.605%2867+-+67%29%7D%7B2%7D%5Cright%29+%2B+%5Cexp%5Cleft%28%5Cfrac%7B4.605%2841+-+67%29%7D%7B2%7D%5Cright%29},
    urldate = {2023-04-22}
}

@online{norm_Z_prim,
    title = {The normalization constant $Z'$},
    url = {https://www.wolframalpha.com/input?i=%5Cexp%5Cleft%28%5Cfrac%7B0.4605%2825+-+67%29%7D%7B2%7D%5Cright%29+%2B+%5Cexp%5Cleft%28%5Cfrac%7B0.4605%2867+-+67%29%7D%7B2%7D%5Cright%29+%2B+%5Cexp%5Cleft%28%5Cfrac%7B0.4605%2841+-+67%29%7D%7B2%7D%5Cright},
    urldate = {2023-04-22}
}
